@misc{wgfuzz,
  author       = {Daniel Simols},
  title        = {wg-fuzz},
  year         = {2024},
  url={https://github.com/wg-fuzz/wg-fuzz},
  note={Accessed 23rd April 2025}
}

@misc{cts,
  author       = {{W3C group for GPU web standards}},
  title        = {{Conformance Test Suite}},
  year         = {2024},
  url={https://github.com/gpuweb/cts},
  note={Accessed 23rd April 2025}
}

@misc{dawn,
  author       = {Google},
  title        = {Dawn},
  year         = {2024},
  url={https://github.com/google/dawn},
  note={Accessed 23rd April 2025}
}

@misc{wgpu,
  author       = {{Rust Graphics Mages}},
  title        = {wgpu},
  year         = {2024},
  url={https://github.com/gfx-rs/wgpu?tab=readme-ov-file},
  note={Accessed 23rd April 2025}
}